@Article{example,
  author =       {Jane Smith},
  title =        {Some Paper},
  journal =      {Some Journal},
  year =         {2010},
  OPTkey =       {},
  OPTvolume =    {},
  OPTnumber =    {},
  OPTpages =     {},
  OPTmonth =     {},
  OPTnote =      {},
  OPTannote =    {}
}

@Article{ait-sahalia08,
  author =       {Yacine Ait-Sahalia and Per A. Mykland and Lan Zhang},
  title =        {Ultra High Frequency Volatility Estimation with Dependent Microstructure Noise},
  journal =      {The internet},
  year =         {2010},
  OPTkey =       {},
  OPTvolume =    {},
  OPTnumber =    {},
  OPTpages =     {},
  OPTmonth =     {},
  OPTnote =      {},
  OPTannote =    {}
}

@Article{mykland09,
  author =       {Per A. Myklandr and Lan Zhang},
  title =        {The Econometrics of High Frequency Data},
  journal =      {Statistical Methods for Stochastic Differential Equations},
  year =         {2009},
  OPTkey =       {},
  OPTvolume =    {},
  OPTnumber =    {},
  OPTpages =     {},
  OPTmonth =     {},
  OPTnote =      {},
  OPTannote =    {}
}

@Article{Zhang05,
  author =       {Lan Zhang and Per A. Mykland and Yacine Ait-Sahalia},
  title =        {A Tale of Two Time Scales: Determining Integrated Volatility With Noisy High-Frequency Data},
  journal =      {Journal of the American Statistical Association},
  year =         {2005},
  OPTkey =       {},
  OPTvolume =    {100},
  OPTnumber =    {472},
  OPTpages =     {},
  OPTmonth =     {December},
  OPTnote =      {},
  OPTannote =    {}
}

@Article{Andersen03,
  author =       {Torben G. Andersen and Time Bollerslev and Francis X. Diebold and Paul Labys},
  title =        {Modeling and Forecasting Realized Volatility},
  journal =      {Econometrica},
  year =         {2003},
  OPTkey =       {},
  OPTvolume =    {71},
  OPTnumber =    {2},
  OPTpages =     {579-625},
  OPTmonth =     {March},
  OPTnote =      {},
  OPTannote =    {}
}

@Article{Bollerslev09,
  author =       {Tim Bollerslev and Uta Kretschmer and Christian Pigorsch and George Tauchen},
  title =        {A discrete-time model for daily S\&P 500 returns and realized variations: Jumps and leverage effects},
  journal =      {Journal of Econometrics},
  year =         {2009},
  OPTkey =       {},
  OPTvolume =    {150},
  OPTnumber =    {},
  OPTpages =     {151-166},
  OPTmonth =     {},
  OPTnote =      {},
  OPTannote =    {}
}